% Encoding: UTF-8

@Book{alarcon2021minimal,
  title     = {Minimal Surfaces from a Complex Analytic Viewpoint},
  publisher = {Springer International Publishing},
  year      = {2021},
  author    = {Alarc{\'o}n, Antonio and Forstneri{\v{c}}, Franc and L{\'o}pez, Francisco J},
  series    = {Springer Monogr. Math.},
  address   = {Switzerland},
  isbn	    = {9783030690557}
}

@book{osserman2002survey,
  title     = {A Survey of Minimal Surfaces},
  author    = {Osserman, Robert},
  isbn      = {9780486495149},
  series    = {Dover Phoenix editions},
  year      = {2002},
  publisher = {Dover Publications}
}

@book{lawson1980lectures,
  title     = {Lectures on Minimal Submanifolds},
  author    = {Lawson, H. Blaine},
  volume    = {1},
  isbn      = {9780914098188},
  year      = {1980},
  publisher = {Publish or Perish}
}

@article{alarcon2019new,
  title     = {{New complex analytic methods in the theory of minimal surfaces: a survey}},
  author    = {Alarc{\'o}n, Antonio and Forstneri{\v{c}}, Franc},
  journal   = {J. Aust. Math. Soc.},
  volume    = {106},
  number    = {3},
  pages     = {287--341},
  year      = {2019},
  publisher = {Cambridge University Press}
}

@article{alarcon2019algebraic,
  title     = {{Algebraic approximation and the Mittag-Leffler theorem for minimal surfaces}},
  author    = {Alarc{\'o}n, Antonio and L{\'o}pez, Francisco J},
  journal   = {Anal. PDE},
  pages     = {to appear.},
  note      = {\url{https://arxiv.org/abs/1906.01915}}
}

@incollection{fornaess2020holomorphic,
  title     = {{Holomorphic approximation: the legacy of Weierstrass, Runge, Oka--Weil, and Mergelyan}},
  author    = {Forn{\ae}ss, John Erik and Forstneri{\v{c}}, Franc and Wold, Erlend F},
  booktitle = {Advancements in Complex Analysis},
  pages     = {133--192},
  year      = {2020},
  publisher = {Springer, Cham}
}

@unpublished{forstneric2021minimal,
  title     = {{Minimal surfaces for undergraduates}}, 
  author    = {Forstneri{\v{c}}, Franc},
  year      = {2021.},
  journal   = {arXiv preprint arXiv:2101.01375},
  note      = {\url{https://arxiv.org/abs/2101.01375}}
}

@article{alarcon2018interpolation,
  title     = {{Interpolation by conformal minimal surfaces and directed holomorphic curves}},
  author    = {Alarc{\'o}n, Antonio and Castro-Infantes, Ildefonso},
  journal   = {Anal. PDE},
  volume    = {12},
  number    = {2},
  pages     = {561--604},
  year      = {2019},
  publisher = {Mathematical Sciences Publishers}
}

@inproceedings{forstneric2021minimals,
  title     = {{Minimal surfaces in Euclidean spaces by way of complex analysis}},
  author    = {Forstneri{\v{c}}, Franc},
  booktitle = {Proceedings of the 8th European Congress of Mathematics},
  year      = {to appear.},
  note      = {\url{https://arxiv.org/abs/2108.13347}}
}